% examples:

@article{Mathis2018DeepLabCutMP,
  title={DeepLabCut: markerless pose estimation of user-defined body parts with deep learning},
  author={Alexander Mathis and Pranav Mamidanna and Kevin M. Cury and Taiga Abe and Venkatesh N. Murthy and Mackenzie W. Mathis and Matthias Bethge},
  journal={Nature Neuroscience},
  year={2018},
  volume={21},
  pages={1281 - 1289},
  url={https://api.semanticscholar.org/CorpusID:4748395}
}

@article{Schneider2022LearnableLE,
  title={Learnable latent embeddings for joint behavioural and neural analysis},
  author={Steffen Schneider and Jin Hwa Lee and Mackenzie W. Mathis},
  journal={Nature},
  year={2022},
  volume={617},
  pages={360 - 368},
  url={https://api.semanticscholar.org/CorpusID:247939478}
}